@Misc{HDF5,
  title = {{The HDF5 library and file format}}, 
  note = {Accessed: 2019-04-26},
  howpublished = {\url{https://www.hdfgroup.org/solutions/hdf5/}} 
}

@article{darshan11,
 author = {Carns, Philip and Harms, Kevin and Allcock, William and Bacon, Charles and Lang, Samuel and Latham, Robert and Ross, Robert},
 title = {Understanding and Improving Computational Science Storage Access Through Continuous Characterization},
 journal = {ACM Trans. Storage},
 issue_date = {October 2011},
 volume = {7},
 number = {3},
 month = oct,
 year = {2011},
 issn = {1553-3077},
 pages = {8:1--8:26},
 articleno = {8},
 numpages = {26},
 url = {http://doi.acm.org/10.1145/2027066.2027068},
 doi = {10.1145/2027066.2027068},
 acmid = {2027068},
 publisher = {ACM},
 address = {New York, NY, USA},
 keywords = {I/O characterization, parallel file systems},
}

@Misc{Cori,
  title = {Cori the supercomputer at {NERSC}}, 
  note = {Accessed: 2018-10-9},
  howpublished = {\url{http://www.nersc.gov/users/computational-systems/cori}}
}

